@misc{wiki:actvfnc,
  author       = {{Wikipedia contributors}},
  title        = {Activation function --- {Wikipedia}{,} The Free Encyclopedia},
  year         = {2020},
  howpublished = {\url{https://en.wikipedia.org/w/index.php?title=Activation_function&oldid=992886187}},
  note         = {[Online; accessed 8-December-2020]}
}


@misc{wiki:ffnn,
  author       = {{Wikipedia contributors}},
  title        = {Feedforward neural network --- {Wikipedia}{,} The Free Encyclopedia},
  year         = {2020},
  howpublished = {\url{https://en.wikipedia.org/w/index.php?title=Feedforward_neural_network&oldid=984789558}},
  note         = {[Online; accessed 8-December-2020]}
}

@misc{wiki:gpt3,
  author       = {{Wikipedia contributors}},
  title        = {GPT-3 --- {Wikipedia}{,} The Free Encyclopedia},
  year         = {2020},
  howpublished = {\url{https://en.wikipedia.org/w/index.php?title=GPT-3&oldid=991018442}},
  note         = {[Online; accessed 29-November-2020]}
}

@misc{wiki:langmdl,
  author       = {{Wikipedia contributors}},
  title        = {Language model --- {Wikipedia}{,} The Free Encyclopedia},
  year         = {2020},
  howpublished = {\url{https://en.wikipedia.org/w/index.php?title=Language_model&oldid=986592354}},
  note         = {[Online; accessed 8-December-2020]}
}

@misc{wiki:nlp,
  author       = {{Wikipedia contributors}},
  title        = {Natural language processing --- {Wikipedia}{,} The Free Encyclopedia},
  year         = {2020},
  howpublished = {\url{https://en.wikipedia.org/w/index.php?title=Natural_language_processing&oldid=992892251}},
  note         = {[Online; accessed 8-December-2020]}
}

@misc{wiki:trnsflrn,
  author       = {{Wikipedia contributors}},
  title        = {Transfer learning --- {Wikipedia}{,} The Free Encyclopedia},
  year         = {2020},
  howpublished = {\url{https://en.wikipedia.org/w/index.php?title=Transfer_learning&oldid=991124821}},
  note         = {[Online; accessed 8-December-2020]}
}

@misc{devto:urfstai,
  author       = {{Jovial Joe Jayarson}},
  title        = {{Your first A.I. Web App!}},
  journal      = {devto},
  year         = 2020,
  month        = jun,
  howpublished = {\url{https://dev.to/joe733/your-first-a-i-web-app-5bnf}}
}

@article{art:hhwt,
  author  = {Farhad Manjoo},
  title   = {How Do You Know a Human Wrote This?},
  journal = {The New York Times},
  year    = {2020}
}

@article{art:wtla,
  author  = {Frederik Bussler},
  title   = {Will The Latest AI Kill Coding?},
  journal = {Towards Data Science},
  volume  = {},
  number  = {},
  year    = {2020}
}

@article{2017arXiv170603762V,
  author        = {{Vaswani}, Ashish and {Shazeer}, Noam and {Parmar}, Niki and {Uszkoreit}, Jakob and {Jones}, Llion and {Gomez}, Aidan N. and {Kaiser}, Lukasz and {Polosukhin}, Illia},
  title         = {{Attention Is All You Need}},
  journal       = {arXiv e-prints},
  keywords      = {Computer Science - Computation and Language, Computer Science - Machine Learning},
  year          = 2017,
  month         = jun,
  eid           = {arXiv:1706.03762},
  pages         = {arXiv:1706.03762},
  archiveprefix = {arXiv},
  eprint        = {1706.03762},
  primaryclass  = {cs.CL},
  adsurl        = {https://ui.adsabs.harvard.edu/abs/2017arXiv170603762V},
  adsnote       = {Provided by the SAO/NASA Astrophysics Data System}
}