@misc{gh:AliShazly:sudkpy,
  author       = {Ali Shazly},
  title        = {Sudoku-py},
  year         = {2019},
  publisher    = {GitHub},
  journal      = {GitHub repository},
  howpublished = {\url{https://github.com/AliShazly/sudoku-py}},
  commit       = {57f7f035ed28f03221364959c38b580888783da0}
}

@article{2017arXiv170603762V,
  author        = {{Vaswani}, Ashish and {Shazeer}, Noam and {Parmar}, Niki and {Uszkoreit}, Jakob and {Jones}, Llion and {Gomez}, Aidan N. and {Kaiser}, Lukasz and {Polosukhin}, Illia},
  title         = {{Attention Is All You Need}},
  journal       = {arXiv e-prints},
  keywords      = {Computer Science - Computation and Language, Computer Science - Machine Learning},
  year          = 2017,
  month         = jun,
  eid           = {arXiv:1706.03762},
  pages         = {arXiv:1706.03762},
  archiveprefix = {arXiv},
  eprint        = {1706.03762},
  primaryclass  = {cs.CL},
  adsurl        = {https://ui.adsabs.harvard.edu/abs/2017arXiv170603762V},
  adsnote       = {Provided by the SAO/NASA Astrophysics Data System}
}