@misc{yt:3b1b:nnp1,
  author  = {Grant Sanderson},
  title   = {But what is a Neural Network? | Deep learning, chapter 1},
  year    = {2017},
  url     = {\url{https://youtu.be/aircAruvnKk?list=PLZHQObOWTQDNU6R1_67000Dx_ZCJB-3pi}},
  urldate = {[Online; accessed 29-November-2020]}
}

@misc{wiki:anns,
  author       = {{Wikipedia contributors}},
  title        = {Artificial neural network --- {Wikipedia}{,} The Free Encyclopedia},
  year         = {2020},
  howpublished = {\url{https://en.wikipedia.org/w/index.php?title=Artificial_neural_network&oldid=992177465}},
  note         = {[Online; accessed 5-December-2020]}
}


@misc{wiki:cnns,
  author       = {{Wikipedia contributors}},
  title        = {Convolutional neural network --- {Wikipedia}{,} The Free Encyclopedia},
  year         = {2020},
  howpublished = {\url{https://en.wikipedia.org/w/index.php?title=Convolutional_neural_network&oldid=992073762}},
  note         = {[Online; accessed 5-December-2020]}
}

@misc{wiki:exactcover,
  author       = {{Wikipedia contributors}},
  title        = {Exact cover --- {Wikipedia}{,} The Free Encyclopedia},
  year         = {2020},
  howpublished = {\url{https://en.wikipedia.org/wiki/Exact_cover#Sudoku}},
  note         = {[Online; accessed 5-December-2020]}
}

@misc{wiki:lstm,
  author       = {{Wikipedia contributors}},
  title        = {Long short-term memory --- {Wikipedia}{,} The Free Encyclopedia},
  year         = {2020},
  howpublished = {\url{https://en.wikipedia.org/w/index.php?title=Long_short-term_memory&oldid=991684445}},
  note         = {[Online; accessed 5-December-2020]}
}

@misc{wiki:rnns,
  author       = {{Wikipedia contributors}},
  title        = {Recurrent neural network --- {Wikipedia}{,} The Free Encyclopedia},
  year         = {2020},
  howpublished = {\url{https://en.wikipedia.org/w/index.php?title=Recurrent_neural_network&oldid=991832590}},
  note         = {[Online; accessed 5-December-2020]}
}

@misc{wiki:tensor,
  author       = {{Wikipedia contributors}},
  title        = {Tensor --- {Wikipedia}{,} The Free Encyclopedia},
  year         = {2020},
  howpublished = {\url{https://en.wikipedia.org/w/index.php?title=Tensor&oldid=991219127}},
  note         = {[Online; accessed 6-December-2020]}
}

@misc{wiki:transformer,
  author       = {{Wikipedia contributors}},
  title        = {Transformer (machine learning model) --- {Wikipedia}{,} The Free Encyclopedia},
  year         = {2020},
  howpublished = {\url{https://en.wikipedia.org/w/index.php?title=Transformer_(machine_learning_model)&oldid=992450951}},
  note         = {[Online; accessed 5-December-2020]}
}

@article{art:edrdcnn,
  author  = {{Yellapragada SS Bharadwaj, Rajaram P, Sriram V.P, Sudhakar S, Kolla Bhanu Prakash}},
  title   = {Effective Handwritten Digit Recognition using Deep Convolution Neural Network},
  journal = {ijatcse},
  volume  = {9},
  number  = {2},
  year    = 2020,
  month   = apr,
  adsurl  = {\url{http://www.warse.org/IJATCSE/static/pdf/file/ijatcse66922020.pdf}}
}

@article{art:ieee:consys,
  author  = {A. {Graves} and M. {Liwicki} and S. {Fern√°ndez} and R. {Bertolami} and H. {Bunke} and J. {Schmidhuber}},
  journal = {IEEE Transactions on Pattern Analysis and Machine Intelligence},
  title   = {A Novel Connectionist System for Unconstrained Handwriting Recognition},
  year    = {2009},
  volume  = {31},
  number  = {5},
  pages   = {855-868},
  doi     = {10.1109/TPAMI.2008.137}
}
@article{art:ieee:backprophzcr,
  author  = {Y. {LeCun} and B. {Boser} and J. S. {Denker} and D. {Henderson} and R. E. {Howard} and W. {Hubbard} and L. D. {Jackel}},
  journal = {Neural Computation},
  title   = {Backpropagation Applied to Handwritten Zip Code Recognition},
  year    = {1989},
  volume  = {1},
  number  = {4},
  pages   = {541-551},
  doi     = {10.1162/neco.1989.1.4.541}
}

@article{art:medium:hdreccnn,
  author  = {{Anmol Adhikari}},
  title   = {Hand-written Digit Recognition Using CNN Classification(Process Explanation)},
  journal = {Medium - Analytics Vidhya},
  year    = 2020,
  month   = aug,
  adsurl  = {\url{https://medium.com/analytics-vidhya/hand-written-digit-recognition-using-cnn-classification-process-explanation-f6d75dcb72bb}}
}

@article{2017arXiv170603762V,
  author        = {{Vaswani}, Ashish and {Shazeer}, Noam and {Parmar}, Niki and {Uszkoreit}, Jakob and {Jones}, Llion and {Gomez}, Aidan N. and {Kaiser}, Lukasz and {Polosukhin}, Illia},
  title         = {{Attention Is All You Need}},
  journal       = {arXiv e-prints},
  keywords      = {Computer Science - Computation and Language, Computer Science - Machine Learning},
  year          = 2017,
  month         = jun,
  eid           = {arXiv:1706.03762},
  pages         = {arXiv:1706.03762},
  archiveprefix = {arXiv},
  eprint        = {1706.03762},
  primaryclass  = {cs.CL},
  adsurl        = {https://ui.adsabs.harvard.edu/abs/2017arXiv170603762V},
  adsnote       = {Provided by the SAO/NASA Astrophysics Data System}
}

@article{2018arXiv180205751P,
  author        = {{Parmar}, Niki and {Vaswani}, Ashish and {Uszkoreit}, Jakob and {Kaiser}, {\L}ukasz and {Shazeer}, Noam and {Ku}, Alexander and {Tran}, Dustin},
  title         = {{Image Transformer}},
  journal       = {arXiv e-prints},
  keywords      = {Computer Science - Computer Vision and Pattern Recognition},
  year          = 2018,
  month         = feb,
  eid           = {arXiv:1802.05751},
  pages         = {arXiv:1802.05751},
  archiveprefix = {arXiv},
  eprint        = {1802.05751},
  primaryclass  = {cs.CV},
  adsurl        = {https://ui.adsabs.harvard.edu/abs/2018arXiv180205751P},
  adsnote       = {Provided by the SAO/NASA Astrophysics Data System}
}

@article{2020arXiv201011929D,
  author        = {{Dosovitskiy}, Alexey and {Beyer}, Lucas and {Kolesnikov}, Alexander and {Weissenborn}, Dirk and {Zhai}, Xiaohua and {Unterthiner}, Thomas and {Dehghani}, Mostafa and {Minderer}, Matthias and {Heigold}, Georg and {Gelly}, Sylvain and {Uszkoreit}, Jakob and {Houlsby}, Neil},
  title         = {{An Image is Worth 16x16 Words: Transformers for Image Recognition at Scale}},
  journal       = {arXiv e-prints},
  keywords      = {Computer Science - Computer Vision and Pattern Recognition, Computer Science - Artificial Intelligence, Computer Science - Machine Learning},
  year          = 2020,
  month         = oct,
  eid           = {arXiv:2010.11929},
  pages         = {arXiv:2010.11929},
  archiveprefix = {arXiv},
  eprint        = {2010.11929},
  primaryclass  = {cs.CV},
  adsurl        = {https://ui.adsabs.harvard.edu/abs/2020arXiv201011929D},
  adsnote       = {Provided by the SAO/NASA Astrophysics Data System}
}